3410 4235
1213 186 1217 188 ,
1316 153 1345 161 ν
1463 171 1542 191 ,.--.
1635 139 1684 204 5
1773 176 1864 191 ..-

1815 223 1830 241 C

655 295 913 397 11110901·
947 327 1039 379 est
1062 323 1290 399 monus
1298 320 1665 403 menippe-
1690 306 2001 380 matter?
2051 317 2219 381 Esto.

474 424 509 443 -,
557 428 603 467 w·
685 395 1875 490 Acapequodnmqmmreddasmvu
1908 409 2507 472 sitibidicmnoet.

450 501 635 590 Epist.
671 510 743 584 Ι,
759 512 866 584 17,
889 513 1111 614 3639.

647 609 829 673 Non
863 603 1043 681 cuiuis
1064 595 1290 694 'tonitui
1321 590 1592 694 0011131911
1622 605 1790 674 adire
1827 574 2184 687 Corinnam,-

589 714 595 717 ·
684 685 874 780 Sedit
885 705 1009 786 9111·
1018 681 1196 801 tiinuit
1227 705 1299 782 ’110
1321 711 1450 790 11011
1465 695 1825 787 succederet.
1901 687 2065 765 Este.
2139 702 2142 705 ’

642 788 913 892 Quzdv
923 792 1054 890 9111
1053 772 1371 893 ’pememt
1423 758 1602 852 emme
1637 788 1920 852 viriliter?

1422 857 1475 887 n.
1508 857 1555 887 ’11

335 861 555 969 Nostro
582 867 790 988 igitur
808 902 947 969 loco
969 919 1113 976 esto
1161 885 1517 978 tantundem
1524 912 1722 996 valet,
1764 923 2055 991 quantum
2096 872 2462 969 Graecorum
2496 900 2640 981 εἷεν,
2698 907 2740 970 i.
2781 931 2832 969 0.
2873 931 2993 972 non
3031 933 3157 971 am..

187 995 361 1075 plius
374 994 452 1055 de
476 982 596 1057 liae
633 1019 723 1055 re
739 999 1002 1078 disputo,
1056 999 1471 1081 aliquantisper
1507 1002 1835 1061 concedens
1872 1013 1930 1061 et
1975 1000 2054 1058 ad
2094 999 2269 1058 aliam
2316 1019 2445 1058 rem
2477 1018 2574 1055 me
2610 1012 2986 1072 convertens,
3054 1002 3158 1061 ubi

188 1096 474 1153 nostrates
510 1085 706 1145 dicere
742 1091 957 1147 solent.
1026 1088 1177 1161 Gut,
1226 1090 1353 1148 wir
1381 1094 1602 1150 wollen
1634 1091 1846 1151 weiter
1879 1091 2100 1161 horen3
2155 1089 2255 1147 ioh
2291 1090 2439 1146 lasse
2477 1081 2539 1145 es
2575 1084 2683 1144 auf
2713 1086 2840 1144 sich
2875 1089 3157 1148 beruhen.

191 1171 370 1248 Quod
408 1174 459 1232 si
474 1152 958 1247 consideramus,
1003 1163 1316 1236 lectionem
1349 1188 1590 1256 petere,
1629 1180 1703 1238 ab
1744 1178 1970 1238 Orellio
2007 1190 2337 1279 receptam,
2386 1177 2641 1256 probare
2678 1194 2799 1234 non
2833 1196 3158 1257 possumus,

192 1282 438 1340 eamque
489 1283 570 1320 ex
604 1264 1042 1344 Pryphyrionis
1078 1254 1337 1325 scholio:
1404 1267 1712 1338 „Carnem
1759 1273 1953 1326 tamen
2000 1267 2186 1347 magis
2227 1288 2404 1347 quam
2451 1264 2618 1323 illum
2651 1278 2852 1343 petere
2886 1286 3028 1364 non
3051 1266 3158 1326 de·

191 1350 375 1420 bes,“
412 1363 605 1408 ortum
642 1353 930 1458 glossema
964 1353 1333 1422 arbitramur.
1827 1380 1832 1382 ·

345 1463 462 1527 Sed
501 1480 566 1525 ut
599 1454 860 1535 nostram
896 1469 1013 1531 loci
1049 1462 1386 1551 explicandi
1410 1453 1741 1547 rationem,
1780 1496 1928 1553 quae
1965 1494 2089 1533 non
2122 1474 2369 1532 multum
2411 1469 2700 1549 discrepat
2734 1471 2812 1528 ab
2850 1493 2948 1542 ea,
2986 1494 3161 1552 quam

196 1572 385 1636 nuper
421 1556 586 1619 Frid.
634 1559 891 1620 Jacolms
938 1560 1003 1621 in
1040 1559 1374 1620 Observatt.
1417 1561 1493 1620 ad
1544 1518 1741 1622 Taciti
1781 1562 1932 1622 Hist.
1976 1563 2127 1622 critt.
2182 1561 2337 1620 Part.
2373 1558 2422 1616 Ι.
2489 1558 2760 1629 Lubecae
2800 1547 2966 1619 1839.
3003 1585 3064 1642 p.
3104 1565 3160 1622 9.

196 1649 532 1726 proposuit,
579 1660 877 1724 tueamur,
930 1648 1174 1731 singula
1197 1651 1415 1711 horum
1449 1671 1738 1712 *versuum
1776 1653 1960 1712 verba
1995 1666 2055 1711 et
2087 1653 2355 1711 iunctura
2394 1648 2716 1707 accuratius
2763 1665 2896 1708 sunt
2932 1653 3162 1711 exami-

194 1737 407 1812 nanda.
509 1738 713 1819 Itaque
748 1740 1011 1819 primum-
1043 1739 1122 1799 de
1162 1725 1425 1801 ablativo
1461 1758 1637 1801 came
1674 1732 2038 1824 quaerimus,
2091 1741 2238 1800 sitne
2272 1738 2640 1809 instrumenti
2677 1760 2752 1797 au
2784 1738 3163 1801 limitationis.

183 1826 386 1900 ¹Nobis
437 1828 674 1910 quidem
723 1826 896 1885 illud.
915 1828 1104 1909 aptius
1150 1828 1388 1887 videtur
1434 1843 1680 1909 propter
1728 1832 2050 1891 verborum
2098 1828 2292 1888 statim
2338 1827 2811 1907 subsequentium
2855 1829 3161 1890 rationem.

109 1989 132 2000 ,ι
198 1919 349 1977 Nam
388 1937 522 1976 cum
556 1925 739 1983 tamen
770 1929 897 1993 11011
927 1916 1111 1995 possit
1149 1915 1445 1994 pertinere
1493 1918 1569 1975 ad
1604 1923 1889 1996 quamm's,
1943 1919 2070 1977 sed
2086 1917 2172 1976 ad·
2199 1915 2615 1996 praecedentes
2648 1915 3166 1998 interrogatione-sa

201 2052 235 2079 „
222 2028 381 2085 ,num
416 1998 689 2066 vesceris
710 2003 811 2061 illa
848 2004 1095 2083 pluma?
1134 2017 1304 2082 cocto
1342 2026 1484 2066 num
1520 2007 1682 2069 adest
1718 2007 2204 2068 honor,idem?“
2244 2003 2456 2064 referri
2480 2025 2713 2064 necesse
2737 2006 2840 2066 sit:
2878 2028 2971 2066 ne*
2992 2024 3167 2067 carm

201 2100 440 2180 quidem
479 2120 511 2154 a
546 2093 915 2175 pronomine
936 2093 1217 2172 sequenti
1234 2093 1360 2153 sive
1396 2096 1506 2154 11αο
1533 2096 1666 2158 sive
1702 2099 1811 2158 illa
1838 2096 2144 2179 seiungere
2182 2095 2350 2167 licet,
2389 2104 2449 2152 et
2480 2091 2710 2172 virgula
2744 2094 3026 2175 distinqui
3058 2095 3166 2154 de-

199 2193 296 2249 bet
334 2199 468 2269 post
515 2185 728 2254 13111011,-
784 2181 899 2241 nisi
943 2180 1101 2241 fone
1142 2201 1279 2250 eam
1316 2184 1465 2242 velis
1499 2187 1821 2256 verborum
1857 2200 2207 2246 structuram
2241 2182 2546 2241 admittere
2562 2227 2577 2253 ,
2639 2203 2789 2260 quae
2826 2183 2931 2241 tali
2979 2182 3164 2242 inter-

199 2276 515 2358 ptmctione
549 2270 744 2332 notari
779 2268 993 2350 possit·
1041 2290 1242 2341 carne,
1280 2283 1504 2345 tagnen,
1543 2274 1812 2352 quamvis
1849 2271 2020 2333 distat
2056 2273 2169 2346 nil;
2217 2283 2282 2331 ut
2318 2268 2420 2328 Sat
2440 2267 2509 2341 ,1,
2537 2274 2592 2339 5,
2628 2270 2724 2327 72.
2759 2282 2896 2329 sunt
2933 2270 3036 2349 qui
3071 2269 3166 2329 in-

201 2375 584 2446 ter-pungant:
636 2359 909 2433 „sedulus
944 2360 1162 2438 hospes
1201 2357 1429 2433 Paene,
1475 2372 1738 2433 macros,
1790 2363 1957 2434 arsit,
2012 2363 2154 2420 dum
2189 2356 2444 2418 turdos
2426 2379 2493 2414 m
2527 2356 2709 2436 ignif‘
2749 2387 2819 2403 -
2901 2361 3173 2432 Quamvis

201 2454 304 2533 qui
337 2452 400 2513 in
435 2470 598 2528 quam
628 2452 720 2509 nis
759 2449 1090 2519 resolvunt,
1142 2447 1187 2514 ii
1227 2448 1466 2528 quidem
1488 2450 1770 2529 videant,
1820 2473 1996 2531 quam
2030 2447 2368 2529 lanquidam
2397 2445 2645 2505 efficiant
2670 2445 3030 2520 sententiam,
3072 2446 3169 2505 vi·

91 2563 112 2573 ··
200 2541 356 2601 vidis
394 2535 948 2616 interrogationibus
981 2535 1411 2609 subiunctam,
1434 2551 1494 2596 01
1529 2552 1832 2618 praeterea
1876 2551 2148 2619 reputent
2194 2559 2292 2608 ea,
2354 2557 2503 2614 quae
2552 2520 2745 2592 statim
2782 2534 3049 2594 dicentur
3094 2536 3170 2595 de

201 2630 494 2688 vocabulo
544 2630 743 2703 magi&
840 2622 1018 2698 Quod
1053 2623 1294 2703 quidem
1331 2626 1592 2691 maxime
1629 2627 1894 2692 offendit
1907 2627 2284 2708 interpretes,
2337 2619 2489 2683 adeo
2523 2636 2614 2694 ut,
2672 2621 3170 2701 quemadmodum

189 2738 378 2796 supra
415 2712 774 2794 memoravi,
825 2712 1129 2786 existeret,
1182 2715 1286 2794 qui
1317 2731 1432 2797 pro
1462 2704 1823 2786 substantivo
1862 2716 2101 2796 antiquo
2137 2713 2397 2773 haberet.
2511 2710 2805 2789 Equidem
2849 2732 2886 2769 3
2921 2732 3017 2770 me
3050 2711 3167 2769 im·-

200 2817 431 2883 petrare
466 2823 586 2861 non
621 2800 821 2879 potui,
867 2814 931 2859 ut
966 2760 1281 2863 Hortitium
1314 2805 1417 2865 illo
1439 2803 1695 2883 antiquo
1714 2849 1730 2874 ,
1781 2805 2049 2864 obsoleto
2088 2816 2146 2863 et
2184 2804 2258 2861 ab
2296 2800 2460 2861 omni
2494 2821 2605 2858 usu
2639 2798 2794 2857 illius
2831 2799 3033 2858 aetatis
3068 2822 3166 2859 re·

123 2957 130 2961 ,
203 2906 365 2952 moto
402 2891 694 2950 vocabulo
732 2911 904 2948 usum
938 2913 1067 2951 0330
1104 2894 1398 2973 putarem,
1450 2914 1624 2974 quem
1662 2913 1981 2972 numquam
2015 2892 2174 2958 alibi
2196 2891 2272 2949 ad
2307 2890 2500 2970 prisca
2547 2886 2746 2963 redire
2791 2886 3167 2947 animadver-

202 2981 391 3049 terim.
490 2977 607 3037 Sed
658 2977 752 3036 isti
800 2962 1015 3037 rationi
1063 2981 1202 3040 item
1255 2983 1485 3042 obstant
1534 2980 1772 3053 eadem,
1838 3004 1987 3060 quae
2026 3003 2204 3059 supra
2254 2979 2330 3037 de
2366 2976 2532 3037 vocis
2563 2987 2751 3035 tamen
2786 2974 3171 3036 collocatione

201 3067 422 3130 monui.
526 3065 802 3145 Sequitur
850 3067 1056 3146 igitur,
1118 3084 1181 3128 ut
1229 3074 1415 3148 mayis
1447 3071 1596 3129 nihil
1633 3070 1793 3127 aliud
1838 3090 1964 3127 esse
2010 3069 2224 3147 possit,
2286 3089 2463 3147 quam
2499 3064 2663 3145 quod
2702 3062 2945 3143 quilibet
2985 3065 3172 3124 lector

202 3155 412 3236 primo
433 3147 709 3238 adspectu
739 3155 1039 3236 intelligit,
1080 3158 1443 3230 adverbium.
1491 3160 1658 3220 Hoc
1693 3172 1905 3228 tamen
1927 3157 2073 3215 alius
2110 3157 2278 3217 aliter
2310 3155 2751 3235 interpretatur,
2790 3152 2929 3232 quia
2951 3175 3169 3232 perpe-

200 3266 330 3307 ram
363 3246 551 3319 verba
585 3257 926 3310 construunt
960 3258 1019 3305 et
1053 3246 1516 3331 interpungunt.·
1578 3250 1732 3309 Nam
1766 3247 1870 3331 qui
1905 3267 2072 3307 cum
2062 3245 2297 3309 Bothio
2334 3243 2696 3327 distinguunt
2729 3254 2862 3323 post
2896 3250 3080 3300 13111011
3113 3253 3172 3299 01

201 3348 332 3414 post
373 3337 580 3409 distat,
614 3333 704 3391 illi
742 3337 849 3395 etsi
883 3336 1183 3395 adverbio
1205 3342 1388 3417 magis
1414 3358 1589 3397 suam
1609 3338 1751 3398 vim
1784 3337 2071 3408 tribuunt,
2120 3349 2317 3395 tamen
2352 3336 2418 3393 in
2451 3348 2525 3393 eo
2565 3346 2793 3403 exa-ant,
2823 3330 2986 3411 quod
3024 3350 3167 3389 con-

203 3437 288 3480 tra
326 3420 513 3504 Ofelli
548 3436 802 3482 mentem
843 3425 1033 3484 carnis
1065 3419 1392 3514 utriusque
1412 3426 1725 3488 discrimen
1761 3437 2046 3498 statuunt3
2091 3435 2150 3483 at
2186 3423 2288 3503 qui
2320 3424 2463 3483 nihil
2493 3426 2676 3499 mayis
2706 3422 2887 3482 distat
2921 3418 3168 3479 coniun-

203 3524 371 3596 gunt,
415 3511 471 3570 ii
507 3525 662 3572 certe
698 3517 882 3589 11111913
923 3502 1254 3573 redundare
1306 3514 1664 3588 concedunt,
1723 3513 1884 3594 quod
1925 3503 2075 3575 31133
2124 3512 2357 3588 Graeco
2409 3511 2564 3571 οὐδέν
2610 3531 2664 3567 τι
2717 3510 2962 3578 umor,
3024 3505 3171 3565 alius
3259 3515 3275 3525 “

143 3649 157 3661 ,
203 3596 357 3657 οὐδὲν
391 3588 607 3670 μᾶλλον
645 3593 916 3682 διαφῴει
926 3601 1225 3683 explicare
1264 3617 1524 3685 conatur.
1603 3605 1831 3666 Verum
1865 3615 2072 3662 neutro
2111 3618 2260 3682 opus
2300 3614 2416 3672 est,
2457 3596 2782 3658 dummodo
2806 3595 2991 3663 verba
3014 3607 3171 3653 10010
3205 3659 3209 3663 ,

204 3674 540 3766 distinguas.
593 3720 668 3734 —
745 3668 922 3765 Quod
962 3688 1038 3748 ad
1072 3692 1425 3771 pronomina
1461 3694 1570 3757 11αο
1607 3707 1664 3755 01
1700 3696 1803 3753 illa
1839 3691 2064 3764 attinet,
2122 3690 2287 3781 prius
2333 3687 2494 3748 haud
2538 3684 2786 3746 dubium
2820 3704 2946 3743 esse
2983 3695 3175 3764 potest

206 3775 277 3829 ad
317 3776 565 3855 pavonis
604 3798 839 3838 carnem
876 3779 1217 3860 pertinere,
1257 3783 1548 3862 posterius
1598 3783 1675 3842 ad
1710 3781 1974 3864 gallinae.
2077 3780 2232 3840 Nam
2264 3798 2410 3840 ram
2446 3779 2577 3835 auis
2609 3797 2669 3835 v.
2707 3776 2802 3835 26.
2849 3776 3173 3844 memorata
3202 3794 3208 3799 ·
3257 3794 3261 3796 ·

2454 3866 2546 3932 1*
