3410 4235
400 447 2053 599 .-.'ss‘.Q1‡aesti9nmt-.‚Horafianarum
2109 470 2461 577 Partic.
2527 471 2654 569 Π.

1293 677 1925 724 antummum

60 922 71 947 ,-
160 953 164 958 .
246 856 444 960 Cum
481 901 695 965 abhinc
734 899 1035 982 biennium
1068 900 1493 978 Quaestionum
1528 902 1986 985 Horatianarum
2018 900 2370 966 Particulam
2412 907 2667 987 primam
2705 909 2799 969 his
2833 910 3086 970 Annali-

58 949 71 1064 g
127 993 233 1050 bus
271 989 636 1066 scholasticis
675 991 1108 1070 praemitterem
1126 1038 1141 1063 ,
1204 993 1470 1052 nonduin
1505 985 1779 1052 editionis
1819 991 2153 1052 Orellianae
2201 995 2505 1073 prodierat
2559 1000 2841 1057 volumen
2889 1014 3089 1079 poste·

120 1080 271 1155 rius,
311 1098 430 1157 quo
469 1076 694 1138 Satirae
731 1100 864 1137 cum
900 1079 1179 1158 Epistolis
1216 1083 1603 1142 continentur.
1700 1081 1833 1157 Qua
1868 1072 2359 1161 praestantissima
2395 1084 2655 1145 editione
2691 1087 2959 1167 plurimis
2997 1092 3090 1150 lo-

123 1169 203 1228 cis
240 1189 383 1227 vera
419 1158 706 1247 scriptura
743 1179 800 1224 et
835 1166 1226 1245 restitutas-est
1241 1184 1312 1230 -et
1348 1171 1775 1249 aeffificomm
1812 1170 2271 1251 dubitationibus
2310 1170 2549 1233 defensa
2592 1175 2952 1257 gravissimis
2990 1200 3086 1238 ar-

121 1256 422 1337 gumentis.
500 1256 704 1337 Itaque
738 1254 969 1337 saepius
1008 1250 1226 1317 factum
1254 1273 1380 1332 est,
1417 1253 1483 1317 ut
1516 1260 1596 1318 de
1632 1258 1846 1338 quibus
1872 1258 2019 1318 locis
2053 1278 2165 1317 nos
2196 1259 2260 1317 in
2296 1261 2390 1319 his
2415 1256 2868 1336 Quaestionibus
2903 1269 3088 1325 verba
3125 1278 3133 1282 “

119 1347 328 1409 facturi
368 1351 626 1417 eramu5‚
670 1365 781 1408 eos,
811 1346 885 1403 ab
924 1343 1307 1429 Orellioiam
1339 1359 1574 1421 sanatos
1610 1346 1861 1430 satisque
1895 1347 2158 1407 munitos
2198 1349 2655 1425 offenderemus,
2695 1370 2750 1412 e.
2786 1377 2844 1434 g.
2884 1353 3003 1414 Sat.
3038 1357 3084 1428 Ι,

54 1471 59 1512 1
121 1440 171 1512 1,
212 1439 362 1508 108„
402 1436 507 1517 ubi
542 1429 765 1495 dudum
806 1435 1132 1495 censuimus
1166 1429 1543 1496 scribendum
1578 1457 1704 1495 esse
1741 1457 1874 1494 cum
1914 1436 2136 1515 aliquot
2172 1438 2346 1496 codd.
2387 1454 2446 1498 et
2480 1455 2619 1500 vett.
2663 1444 2798 1506 edd.
2838 1463 2997 1503 nemo
3028 1455 3088 1506 ut

117 1546 331 1593 avarus
364 1547 477 1608 pro
514 1547 618 1604 eo,
660 1524 818 1606 quod
859 1525 932 1581 ab
969 1522 1240 1584 omnibus
1260 1527 1508 1606 ,praeter
1540 1524 1822 1584 Bothium
1858 1526 2160 1604 vulgatum
2193 1538 2278 1584 est
2319 1546 2519 1588 nemon
2552 1540 2615 1590 τά
2641 1551 2887 1605 avam-5³,
2929 1534 3085 1594 unde

54 1614 58 1660 ἶ
117 1632 277 1677 sana¹
305 1630 363 1677 et
411 1614 521 1676 toti
543 1680 551 1683 ⁷
571 1613 1085 1696 argumentationis
1129 1608 1322 1692 tenori
1371 1609 1837 1697 aptasententia
1867 1614 2146 1674 extricari
2184 1617 2344 1674 nulla
2380 1630 2589 1697 potest.
2687 1619 3083 1701 Depravatam

119 1727 242 1766 esse
278 1705 588 1765 lectionem
622 1704 698 1763 ad
734 1704 957 1762 hiatum
992 1699 1301 1767 v‘itand'um
1332 1716 1527 1784 patet,
1580 1727 1757 1783 quem
1796 1704 1971 1763 etiam
2012 1703 2151 1761 alibi
2188 1704 2471 1766 Horatius
2510 1709 2770 1780 admisit,
2821 1727 3080 1774 nonpso·

116 1788 333 1854 lum-in
370 1792 673 1852 vocabulis
709 1779 1132 1878 monosyllabis
1145 1838 1160 1865 ,
1212 1805 1278 1852 ut
1312 1793 1505 1876 Epod.
1547 1794 1647 1866 12,
1685 1797 1778 1852 25.
1841 1792 1957 1851 Sat.
2001 1792 2061 1863 I,
2102 1795 2166 1864 9,
2205 1797 2297 1855 38.
2360 1795 2438 1853 Π.
2477 1799 2534 1868 2,
2572 1798 2669 1855 28.
2738 1795 2813 1871 11,
2854 1802 2909 1875 3,
2951 1801 3078 1861 137.

114 1884 296 1964 Epist.
335 1884 382 1954 I,
423 1884 514 1954 19,
547 1883 644 1942 21.
683 1886 749 1958 ¹et
780 1877 846 1939 in
866 1880 1215 1940 ‘nominibus
1249 1882 1508 1962 propriis
1547 1881 1666 1941 Od.
1689 1880 1764 1953 II,
1792 1883 1887 1952 20,
1921 1883 2010 1939 13.
2063 1882 2254 1960 Epod.
2284 1885 2337 1954 5,
2367 1885 2495 1943 100.
2538 1887 2629 1958 13,
2658 1888 2733 1958 3.,
2774 1889 2876 1947 sed
2907 1891 3080 1950 etiam

51 1963 56 1970 ¹
115 1974 281 2043 alibi,
323 1987 386 2040 ut
425 1969 613 2041 Od..I‚
640 1971 734 2048 28,
758 1969 854 2028 24.
893 1963 1490 2049 ',','Ossibusset.capiti
1521 1972 1863 2031 ἰπῙιτιηια-ἰοίιι
1938 1967 2232 2028 Stabiliv‘it
2268 1971 2507 2050 quidem
2545 1974 2794 2049 eandem
2829 1978 3082 2059 scriptu-

111 2085 238 2122 ram
271 2082 430 2123 nemo
464 2051 528 2122 ut
559 2077 805 2129 avarus,
843 2071 907 2130 ut
942 2057 1024 2117 ex
1050 2053 1251 2140 Jahnii
1275 2060 1514 2119 Annall.
1547 2061 1711 2118 1837.
1749 2059 1913 2116 Fasc.
1942 2058 1988 2115 I.
2015 2081 2076 2138 p.
2106 2061 2215 2118 105
2242 2082 2326 2139 sq.
2366 2060 2578 2134 video,
2620 2063 2796 2123 etiam
2831 2069 3085 2128 Wisst‘us

46 2179 54 2226 '.
110 2155 171 2213 in
210 2152 445 2228 Quae'st.
485 2151 694 2209 Horat.
734 2147 934 2206 libello
970 2143 1059 2226 I.,‘-
1100 2160 1254 2208 anno
1304 2151 1454 2209 1829
1497 2148 1666 2208 edito
1711 2168 1849 2225 cum
1887 2147 2190 2204 annalibus
2231 2148 2539 2228 Gymnasii
2575 2140 2923 2226 Rinteliani,
2979 2158 3080 2216 ubi

111 2265 241 2304 eam
275 2230 336 2300 i'n
375 2239 605 2299 duobus
641 2235 941 2296 Vaticanis
976 2236 1163 2319 iisque
1204 2224 1615 2316 antiquissimis
1652 2247 1709 2294 et
1745 2233 1873 2292 aliis
1907 2236 2202 2318 nonnullis
2241 2257 2276 2291 a
2312 2257 2375 2293 se
2412 2239 2719 2317 repertam*
2758 2262 2887 2300 esse
2919 2243 3076 2301 affir-

110 2325 244 2393 mat.
351 2331 467 2391 Sed
504 2331 603 2388 ille
638 2327 735 2387 vir
772 2317 1154 2399 doctissini‘us.
1173 2346 1304 2383 eam
1339 2322 1761 2404 interpretandi
1809 2321 1929 2381 loci
1976 2323 2264 2382 rationem
2315 2327 2676 2386 commentus
2725 2343 2840 2402 est,
2905 2354 3080 2412 quam

113 2406 384 2507 equidem
423 2422 676 2499 probare
713 2436 961 2495 nequeo.
1041 2414 1557 2494 Comparationem
1595 2413 1752 2472 enim
1786 2413 1952 2492 putat
1989 2421 2143 2484 esse,
2185 2411 2355 2471 cuius
2378 2412 2544 2493 prius
2570 2409 2903 2493 membrum
2933 2441 3079 2481 con·

44 2525 46 2528 ’
109 2512 282 2573 tineri
316 2509 582 2570 versibus
620 2506 974 2583 1-08-112,
1013 2498 1303 2585 posterius
1336 2505 1514 2564 versu
1556 2503 1695 2576 113,
1734 2515 1800 2561 ut
1837 2501 2120 2561 sententia
2158 2501 2268 2561 sit:
2323 2504 2672 2584 „quomodo
2708 2509 2900 2567 nullus
2938 2532 3080 2570 ava·
3179 2574 3188 2578 ,

43 2630 46 2634 ⁴
108 2626 206 2661 rus
242 2614 399 2660 sorte
436 2606 540 2658 sua
575 2609 878 2657 contentus
917 2594 990 2653 sit
1025 2608 1132 2654 cet.
1149 2639 1167 2666 ‚
1217 2593 1301 2654 sic
1333 2593 1627 2654 festinanti
1675 2613 1910 2671 semper
1955 2587 2309 2673 locupletior
2354 2593 2605 2652 obstat.“
2683 2595 2873 2656 Mutat
2915 2601 3078 2660 'enim

41 2713 45 2719 ·
110 2689 634 2769 interpunctionem
670 2699 727 2744 et
765 2705 876 2765 pro
913 2697 1130 2763 puncto
1164 2684 1333 2763 ponit
1364 2679 1692 2742 'semicolon
1728 2676 1863 2761 post
1899 2681 2136 2740 laboret.
2212 2679 2405 2755 Quam
2438 2683 2571 2767 loci,
2591 2685 2950 2765 expediendi
2979 2710 3081 2746 ra·

40 2802 42 2806 ⁸
85 2759 328 2838 =tionem
366 2797 483 2855 quo
520 2774 712 2833 minus
749 2775 1090 2854 amplectar,
1125 2785 1325 2831 vetant
1361 2773 1622 2833 maxime
1662 2769 2021 2830 coniunctivi
2051 2769 2291 2846 probet,
2326 2770 2547 2842 laudet,
2598 2772 2896 2858 tabescat,⁴
2935 2795 3084 2836 com-

35 2885 41 2923 ε’
74 2937 77 2939 v
103 2879 305 2944 paret,
353 2866 603 2935 laboret,
629 2862 779 2943 qui,
832 2861 956 2920 sive
990 2861 1292 2920 modestae
1330 2860 1728 2920 affirmationis
1764 2859 2224 2919 enuntiationem
2261 2878 2387 2916 esse
2425 2879 2619 2938 neque
2656 2862 2890 2923 aliunde
2930 2886 3080 2944 pen-

34 2955 45 2999 3
112 2942 251 3018 dere
287 2953 516 3024 statuis,
568 2944 786 3032 parum*
808 2944 943 3030 apti?
969 2961 1099 3008 sunt
1133 2962 1268 3030 post
1305 2963 1635 3009 accuratam
1669 2950 1759 3007 rei
1798 2948 2262 3029 expositionem,
2327 2944 2453 3003 sive
2491 2944 2572 3003 ex
2610 2949 2795 3010 altero
2835 2973 3078 3033 compa..

34 3043 42 3067 '²
110 3046 350 3117 rationis
376 3043 642 3111 membro
676 3039 962 3122 pendent,
998 3059 1119 3099 non
1153 3025 1482 3120 congruunt
1511 3040 1775 3120 sequenti
1801 3037 2124 3097 indicativo
2160 3058 2219 3096 v.
2252 3032 2381 3093 113.
2422 3037 2812 3117 „locupletior
2833 3041 3081 3114 obstal,“

34 3184 36 3186 ,
111 3135 272 3195 cuius
306 3122 447 3194 loco*
474 3128 792 3206 'dicendum
827 3135 950 3190 erat
983 3125 1213 3190 obstare
1248 3120 1702 3206 locupletiorem]
1794 3127 1882 3187 Ita
1923 3121 2118 3185 autem
2154 3146 2277 3184 non
2312 3125 2511 3197 illud,
2553 3129 2717 3208 quod
2765 3132 3078 3211 probatum

34 3222 40 3246 ⁵
109 3225 229 3300 ibat
261 3236 462 3303 poeta,
515 3207 796 3301 nimirum
813 3218 1118 3280 'neminem
1159 3241 1403 3281 avarum
1439 3241 1502 3279 se
1537 3219 1793 3299 probare
1832 3238 1901 3277 ac
1936 3216 2134 3295 potius
2172 3216 2321 3275 alios
2358 3216 2627 3289 laudare,
2683 3241 2765 3278 ex
2798 3232 2919 3281 tota
2959 3223 3083 3282 eius

109 3313 479 3395 expositione
516 3304 795 3381 eluceret,
854 3302 1435 3388 ‘'sed‘aljaequaedam
1472 3308 1755 3370 sententia
1790 3306 2136 3369 secundaria
2186 3306 2249 3363 in
2276 3308 2494 3368 ,locum
2530 3307 2876 3388 primariae3
2930 3326 3082 3370 tam-

112 3398 287 3492 quam
323 3402 686 3463 oblitteratae
722 3413 780 3458 et
815 3397 1333 3479 extenuat'aexipsa-
1356 3399 1822 3480 comparatione,
1862 3395 2323 3455 substitueretur.
2419 3395 2618 3472 Quare
2655 3400 2765 3458 ista
2804 3415 2862 3460 et
2894 3403 3083 3462 'inter-

33 3539 36 3545 ,
112 3476 349 3572 punctio
376 3505 443 3551 -et
474 3488 876 3569 interpretatio
911 3482 1073 3547 ferri‘
1090 3488 1333 3567 nequit,
1367 3501 1424 3547 et
1448 3483 1819 3559 *unice-iera·
1843 3499 1929 3545 est
1965 3507 2035 3543 ea
2073 3484 2393 3566 explicatio
2409 3531 2424 3556 ‚
2478 3510 2657 3567 quam
2692 3490 2868 3549 etiam
2907 3490 3083 3551 Orel-

61 3567 66 3571 ’
114 3566 223 3640 lius
258 3571 564 3662 probarit:
627 3576 835 3649 „Iam-
856 3566 1037 3638 redeo
1074 3577 1150 3636 ad
1188 3575 1531 3639 sententiam
1566 3579 1736 3639 initio
1772 3575 2169 3657 propositam,
2225 3596 2468 3635 avarum
2506 3572 2800 3660 neminem
2838 3602 2901 3639 se
2936 3603 3085 3662 pro·

119 3671 255 3730 bare
292 3685 355 3747 et*
376 3686 483 3729 sua
498 3717 501 3719 ⁴
519 3663 857 3739 conditione
893 3680 1226 3727 contentum
1264 3673 1449 3730 esse.“
1537 3669 1654 3729 Pro
1694 3666 2025 3729 accusativo
2077 3686 2211 3725 cum
2258 3665 2552 3749 infinitivo
2601 3684 2777 3753 poeta
2815 3668 3085 3732 adhibuit

2407 3757 2444 3823 1
