3410 4235
0 91 31 106 -
307 79 408 153 ⁸,
900 163 921 179 ἱ
1122 97 1127 106 ,
1471 83 1880 151 —7-

284 225 307 232 “
856 260 1414 341 ·-.„Satll3208.

156 315 160 318 ι
189 300 290 394 ’μ’
353 304 355 306 ¹
580 385 604 400 -
706 319 823 441 Qui
854 356 1088 431 species
1121 355 1276 419 alias·
1308 334 1437 414 veri
1468 308 1815 431 scelerisque
1841 321 2078 414 tumultu
2151 299 2153 302 ι

700 443 1033 510 Permixtas
1068 445 1287 534 capiet,
1326 451 1632 505 conmotus
1666 441 1981 502 habebimur.
2041 506 2046 510 ,

344 527 679 639 Paucorum
711 543 1017 635 librorum
1040 559 1383 639 auctoritate
1413 556 1670 619 Orellius
1696 559 1919 641 recepit
1947 560 2100 617 alias
2126 546 2329 629 veris,
2351 560 2843 642 constructionem
2871 563 3027 620 alias
3051 557 3153 620 ver
3155 563 3177 620 i

193 637 465 710 Latinam
494 669 629 709 esse
644 668 917 734 neganS,
955 648 1039 707 sic
1073 648 1516 731 inte‘fpretatus:
1556 694 1592 721 „
1577 649 1845 730 ,species,
1886 652 2223 721 φαντασῖοις,
2263 647 2571 735 opiniones
2609 649 2808 711 animo
2838 658 3172 731 conceptas,

193 739 683 818 Vorst‘ellungen,
717 728 861 797 alias
896 758 933 795 a
968 738 1158 811 veris,
1188 737 1372 799 falsas
1412 751 1471 798 et
1502 738 1781 799 confusas
1819 759 1890 798 ea
1927 736 2324 815 exagitatione
2362 739 2573 798 mentis
2613 753 2671 799 et
2709 740 3172 812 conturbatione,

193 849 345 908 quae
398 825 590 888 oritur
639 848 720 887 ex
767 829 1052 887 scelerum
1102 827 1473 890 conscientia.
1481 833 1517 863 “
1604 826 1799 905 Quam
1844 825 2386 908 interpretationem
2435 828 2549 888 etsi
2582 829 2964 906 Bentleianae
2999 839 3175 910 atque

194 917 469 981 Heindoi
454 903 655 976 tianae
698 937 736 976 a
769 916 985 977 Jahnio
1022 920 1307 1006 probatae
1335 914 1794 1000 praeferendam
1831 938 2068 988 censeo,
2104 929 2299 976 tamen
2334 915 2410 977 de
2448 919 2800 979 emendandi
2835 920 3177 981 necessitate

196 1007 390 1066 adhuc
426 992 655 1065 dubito.
732 1006 872 1067 Non
912 1006 1069 1067 enim
1106 1029 1339 1068 necesse
1361 1021 1462 1068 est
1495 1007 1740 1088 iungere
1776 1000 1930 1067 alias
1968 1010 2125 1078 veri,
2171 1006 2274 1066 sed
2311 1020 2468 1067 recte
2505 1029 2641 1068 cum
2676 1008 3031 1071 Heindorfio
3068 1031 3175 1090 ge-

193 1095 446 1155 nitivum
479 1094 610 1164 veri
645 1095 723 1159 ad
761 1095 985 1174 species
1021 1097 1242 1156 referes
1257 1139 1272 1169 ,
1329 1100 1484 1157 alias
1518 1111 1711 1155 autem
1744 1098 2008 1155 absolute
2040 1097 2327 1174 intelliges
2363 1118 2486 1156 non
2527 1098 2829 1168 „diversas
2867 1101 3023 1158 inter
3054 1106 3155 1169 se‚‘

194 1183 300 1241 sed
338 1182 599 1243 diversas
640 1205 674 1242 a
710 1203 856 1242 vero
873 1227 888 1255 ‚
940 1204 1084 1263 ergo
1111 1182 1323 1263 falsa-5⁸.
1413 1185 1647 1266 Veritas
1683 1183 1843 1243 enim
1881 1205 2015 1243 cum
2053 1205 2167 1242 una
2205 1184 2309 1256 sit,
2358 1206 2476 1245 una
2510 1180 2736 1247 tantum
2771 1190 3017 1270 propria
3052 1186 3177 1248 eius

196 1272 420 1353 species
455 1293 580 1333 esse
616 1284 841 1353 potest,
881 1273 1110 1334 alienae
1141 1276 1483 1362 permultae.
1563 1271 1793 1333 Stoicus
1822 1295 2010 1353 supra
2044 1294 2113 1333 v.
2144 1274 2233 1334 48
2250 1296 2410 1353 sqq.

1263 1394 1427 1452 Velut
1463 1395 1659 1466 silvis}
1694 1392 1792 1452 ubi
1820 1395 2052 1468 passim
2082 1384 2085 1388 ⁵

698 1481 976 1539 Palantes
1012 1500 1181 1540 error
1219 1491 1376 1540 certo
1411 1483 1484 1539 de
1521 1484 1744 1548 &ancile
1769 1483 1958 1561 pellit,

701 1570 817 1627 Ille‘
842 1573 1239 1641 sinistrorsum
1249 1613 1271 1640 ‚
1307 1572 1401 1628 laic
1437 1572 1798 1629 dextrorsum
1833 1570 1956 1628 abit
1962 1580 1987 1638 ‚⁴
2029 1586 2176 1628 unus
2210 1571 2430 1646 utrique

702 1656 926 1729 Error,
963 1659 1072 1717 sed
1101 1661 1287 1718 variis
1320 1659 1505 1719 illudit
1529 1658 1820 1741 partibusg

346 1771 602 1855 Brevius
652 1761 851 1851 igitur
866 1788 1111 1853 poetam
1138 1777 1400 1841 locutum
1439 1797 1565 1835 esse
1601 1789 1780 1855 Ριιιο,
1834 1775 1996 1853 quod
2033 1772 2264 1853 plenius
2297 1770 2383 1832 sic
2421 1771 2671 1832 diceres:
2735 1774 2850 1845 Qui
2885 1778 3015 1834 veri
3042 1794 3180 1849 spe-

196 1878 313 1927 cles
347 1861 537 1932 alias,
576 1869 742 1938 atque
778 1881 946 1925 uuam
978 1865 1133 1923 illam
1166 1883 1368 1924 sanam
1394 1872 1460 1925 et
1482 1872 1738 1935 rectam,
1789 1873 1847 1924 et
1873 1866 2198 1940 pemixtas
2232 1862 2459 1922 tumultu
2493 1862 2734 1920 sceleris
2769 1865 2994 1936 capiet,
3033 1884 3182 1922 com-

193 1936 378 2011 motus
422 1949 733 2017 habebitur.
808 1949 976 2026 Quae
1019 1954 1101 2011 bi
1089 1951 1497 2031 eviloquentia
1546 1952 1597 2011 si
1630 1977 1821 2031 quam
1868 1955 2046 2011 habet
2093 1951 2534 2020 obscuritatem,
2596 1973 2664 2008 ea
2714 1952 2944 2010 levatur
2988 1952 3183 2012 statim

104 2105 112 2107 Α
195 2037 436 2102 adiectis
471 2039 670 2101 verbis
721 2039 1109 2129 „scelerisque
1146 2043 1398 2101 tumultu
1433 2042 1821 2123 permixtas.“
1898 2043 1951 2100 N
1955 2065 2036 2101 on
2085 2055 2295 2100 autem-
2322 2063 2458 2099 cum
2493 2039 2849 2111 Heindorfio
2885 2042 3183 2123 iungenda

194 2152 319 2189 aese
355 2131 539 2188 verba
576 2130 692 2192 sic:
720 2131 952 2211 species
989 2130 1121 2191 veri
1155 2131 1507 2211 scelerisque
1547 2132 1611 2208 (i.
1651 2154 1704 2191 e.-
1743 2131 1879 2191 iusti
1917 2147 1975 2201 et
2009 2131 2232 2207 iniusti)
2270 2130 2595 2211 permixtas
2631 2133 2881 2189 tumultu
2907 2134 3010 2209 (sc.
3040 2154 3181 2237 per-

192 2219 647 2297 turbationum),
686 2233 744 2279 et
779 2223 962 2281 verba
996 2221 1189 2280 statim
1223 2220 1523 2301 sequentia
1560 2235 1772 2301 „atque
1803 2224 2115 2296 stultitiane
2143 2243 2240 2281 ert
2241 2234 2325 2291 et,
2363 2219 2614 2278 nihilum
2644 2220 2906 2291 distabit,
2945 2242 3021 2279 an
3049 2226 3159 2281 ira·
3145 2228 3181 2255 '‘

197 2307 448 2379 docent,
503 2321 560 2366 et
604 2311 702 2382 ea,
752 2309 963 2388 quibus
998 2312 1147 2368 haec
1173 2323 1306 2376 tota
1344 2309 1755 2388 disputationis
1790 2319 1929 2390 pars
1964 2323 2401 2370 consummatur
2433 2329 2494 2367 v.
2533 2311 2649 2367 220
2674 2330 2759 2387 sq.
2838 2308 3040 2388 „Ergo
3078 2311 3182 2369 ubi

185 2413 383 2475 prava
419 2395 710 2469 Stultitia,
776 2397 875 2457 hic
923 2418 1150 2458 summa
1187 2413 1273 2459 est
1309 2399 1566 2459 insania:
1631 2399 1735 2480 qui
1771 2402 2109 2472 sceler-arua,
2171 2400 2249 2461 Et
2281 2398 2539 2458 furiosus
2578 2398 2706 2457 erit.
2713 2404 2748 2430 “
2811 2397 3177 2459 01:227&

194 2488 338 2561 „An
390 2500 719 2556 commotae
771 2488 1018 2549 crimine
1065 2489 1274 2552 mentis
1323 2490 1632 2549 Absolves
1676 2484 1981 2557 hominem
2029 2503 2087 2550 et
2129 2488 2364 2550 sceleris
2401 2486 2708 2547 damnabis
2746 2488 3027 2564 eundem,
3082 2490 3182 2549 Ex

205 2598 380 2639 more
405 2577 716 2657 imponens
754 2583 998 2657 commta
1032 2580 1313 2640 vocabula
1353 2565 1571 2639 rebus.
1550 2592 1572 2619 ⁴³
1592 2585 1629 2613 ‘⁶

334 2657 413 2725 Ϊιι
453 2668 658 2726 eadem
696 2666 887 2726 Satira
924 2690 983 2727 v.
1023 2670 1156 2728 283.
1210 2691 1565 2749 quamquam
1613 2630 1883 2755 paeclare
1918 2667 2302 2727 Heindorfius
2353 2667 2668 2728 lectionem
2716 2668 2857 2745 quid
2901 2677 3016 2727 tm
3061 2688 3178 2727 vna·

187 2753 393 2833 quum?
447 2757 671 2815 addens
702 2756 964 2828 refellit,
997 2780 1068 2816 ea
1104 2771 1299 2823 tamen
1335 2760 1503 2817 alteri
1538 2761 1804 2837 quiddam
1841 2777 2099 2834 maynum
2133 2758 2357 2816 addens
2391 2779 2428 2815 a
2460 2755 2732 2837 plurimis
2777 2759 3036 2835 praelata
3072 2772 3176 2816 est.

195 2843 478 2916 Orellius,
517 2867 592 2903 ne
627 2846 812 2904 verba
837 2849 989 2948 'quid
1021 2856 1134 2905 tam
1168 2850 1462 2923 mayuum?
1498 2854 1702 2906 contra
1737 2848 2032 2927 precantis
2068 2861 2331 2905 mentem
2365 2845 2789 2925 significarent=
2830 2844 3005 2916 „Hoc
3031 2867 3177 2925 pro-

188 2932 348 2995 fecto
388 2933 653 2995 omnium
690 2934 1018 2999 maximum
1054 2949 1140 2995 est
1178 2936 1528 2995 beneficium
1564 2959 1632 2995 ac
1670 2930 2077 2995 difficillimum
2122 2936 2494 3016 impetrata,“
2543 2935 2916 3013 Wa‘gnerum
2950 2948 3178 3000 secutus

93 3050 108 3055 ·
191 3022 454 3112 scripsit·
495 3024 685 3098 Quid?
722 3033 835 3099 tam
869 3028 1161 3101 maynum?
1197 3027 1454 3096 addem,
1489 3038 1581 3083 ut
1594 3037 1749 3084 esset
1783 3025 2106 3083 sententia.
2147 3069 2182 3097 „
2187 3025 2390 3100 Quid?
2428 3045 2571 3080 num
2608 3025 2727 3081 hoc
2765 3036 2853 3080 est
2891 3036 3019 3081 tam
3048 3045 3177 3080 ma-

192 3133 373 3191 gnum
410 3112 661 3172 donum.
647 3112 717 3197 9“
790 3096 867 3179 Ει
903 3115 1218 3174 molestum
1254 3113 1403 3173 illud
1437 3113 1663 3175 addens
1693 3114 1797 3176 sic
1815 3111 2111 3174 defendit.
2150 3079 2374 3186 „liomo
2396 3111 2828 3193 superstitiosus
2851 3112 2981 3191 ipse
3004 3114 3175 3192 paul-

190 3202 369 3281 lisper
402 3201 656 3275 dubitat,
701 3224 846 3262 num
878 3196 992 3272 hae
1029 3225 1235 3283 preces
1269 3203 1542 3263 exaudiri
1578 3204 1830 3285 possint,
1890 3203 1996 3263 sed
2032 3216 2215 3263 semet
2249 3203 2378 3284 ipse
2415 3201 2635 3282 decipit
2669 3202 2980 3261 addendo.-
3027 3221 3175 3281 pro·

189 3291 345 3375 fecto
382 3292 774 3374 perexiguum
810 3275 938 3354 hoc
964 3306 1051 3352 est
1092 3293 1333 3369 donum.
1340 3298 1378 3329 “
1452 3294 1699 3366 Nescio,
1738 3293 1883 3375 quid
1920 3293 2020 3353 alii
2057 3292 2336 3363 sentiant;
2389 3292 2540 3352 mihi
2576 3306 2735 3353 certe
2771 3312 2893 3351 non
2931 3312 3183 3369 persua-

191 3374 293 3454 sit,
322 3394 414 3442 ut
450 3396 572 3454 tam
606 3378 992 3442 artificiosam
1023 3383 1437 3444 enodationem
1476 3387 1878 3464 amplecterer.
1971 3384 2123 3442 Nam
2165 3383 2310 3464 quid
2347 3384 2536 3462 cogit,
2587 3396 2654 3442 ut
2687 3383 2874 3442 verba
2907 3389 3022 3440 tam
3057 3401 3174 3440 ma-

185 3491 353 3550 mmm
388 3473 586 3554 potius
623 3473 735 3543 sic,
775 3486 840 3531 ut
876 3473 1160 3546 Orelliu5‚
1193 3495 1386 3555 neque
1421 3475 1486 3533 in
1526 3475 1882 3533 contrariam
1919 3474 2291 3545 sententiam,
2329 3473 2565 3552 „quid?
2591 3486 2712 3530 tam
2745 3491 3024 3550 magnum
3067 3471 3169 3529 be-

0 3574 26 3600 s
188 3561 460 3623 neficium
495 3583 576 3622 sc.
615 3562 770 3622 oro?
786 3567 823 3594 “
848 3562 1264 3643 accipiamus?
1343 3561 1516 3623 Certe
1550 3583 1673 3623 non
1709 3563 1908 3621 minor
1945 3558 2093 3622 haec
2128 3574 2217 3621 est
2258 3562 2633 3641 ambiguitas,
2686 3582 2864 3640 quam
2892 3558 3171 3618 obscuri-

191 3660 275 3710 tas
309 3651 438 3722 illa,
490 3673 668 3731 quam
702 3651 767 3711 in
802 3653 1039 3734 vulgata
1088 3652 1232 3712 olim
1268 3651 1526 3713 lectione
1566 3633 1834 3733 quiddam
1882 3672 2139 3730 maynum
2180 3651 2370 3711 inesse
2408 3652 2623 3711 dicunt.
2701 3651 2800 3710 Ac
2834 3648 2886 3707 si
2924 3647 3054 3729 quis
3091 3670 3174 3708 ex

189 3740 558 3820 sequentibus
591 3740 791 3800 verbis
845 3743 976 3816 „dis
1014 3742 1229 3802 etenim
1264 3743 1437 3803 facile
1484 3750 1607 3803 est“
1644 3742 1800 3802 illius
1836 3743 2158 3802 sententiae
2191 3742 2548 3822 praesidium
2583 3753 2771 3820 petat,
2828 3737 2886 3799 ei
2920 3759 3169 3820 respon-
